@BOOK{kumar,
author = {Ananth Grama and Anshul Gupta and George Karypis and Vipin Kumar},
title = {Introduction to {P}arallel {C}omputing},
publisher = {Addison Wesley},
editor = {Pearson},
year = {2003},
isbn = {0-201-64865-2}
}

@BOOK{advunix,
author = {W. Richarch Stevens and Stephen A. Rago},
title = {Advanced {P}rogramming in the {UNIX} {E}nvironment: {S}econd {d}ition},
publisher = {Addison Wesley Professional},
year = {2005},
isbn = {0201433079}
}

@BOOK{openmpquinn,
author = {Michael Jay Quinn},
title = {Parallel {P}rogramming in {C} with {MPI} and {O}pen{MP}},
publisher = {McGraw-Hill},
year = {2003},
isbn = {007-123265-6}
}

@BOOK{openmpchandra,
author = {Rohit Chandra and Leonardo Dagum and Dave Kohr and Dror Maydan and Jeff McDonald and Ramesh Menon},
title = {Parallel {P}rogramming in {O}pen{MP}},
publisher = {Morgan Kaufmann Publishers},
year = {2001},
isbn = {1-55860-671-8}
}

@BOOK{openmpreview,
author = {OpenMP ARB},
title = {Open{MP} {A}pplication {P}rogram {I}nterface: Version 4.0 RC2},
year = {2013},
}

@BOOK{progparmachines,
author = {Norm Matloff},
title = {Programming on {P}arallel {M}achines},
publisher = {University of California, Davis},
}

@BOOK{usingmpi,
author = {William Gropp and Ewing Lusk and Anthony Skjellum},
title = {{U}sing {MPI} : {P}ortable {P}arallel {P}rogramming with the {M}essage-passing {I}nterface {S}cientific and {E}ngineering {C}omputation},
publisher = {MIT Press},
year = {1999},
isbn = {0262571323}
}

@BOOK{bigdataglos,
author = {Pete Warden},
title = {{B}ig {D}ata {G}lossary},
publisher = {O'Reilly Media},
editor = {Mike Loukides},
year = {2011},
isbn = {978-1-449-31459-0}
}

@BOOK{openclprog,
author = {Aaftab Munshi and Benedict R. Gaster and Timothy G. Mattson and James Fung and Dan Ginsburg},
title = {Open{CL} {P}rogramming {G}uide},
publisher = {Addison-Wesley},
year = {2011},
isbn = {0-321-74964-2}
}

@BOOK{ssemanual,
author = {Intel},
title = {{I}ntel 64 and {IA}-32 {A}rchitectures {S}oftware {D}eveloper's {M}anual},
year = {2013},
volume = {1},
chapter = {10}
}

@BOOK{molecularbio,
author = {Bruce Alberts and Alexander Johnson and Julian Lewis and Martin Raff and Keith Roberts and and Peter Walter},
title = {Molecular {B}iology of the {C}ell},
publisher = {Garland Science},
year = {2002},
isbn = {0-8153-3218-1}
}

@BOOK{burns94lam,
  author       = {Greg Burns and Raja Daoud and James Vaigl},
  title        = {{LAM}: {A}n {O}pen {C}luster {E}nvironment for {MPI}},
  booktitle    = {Proceedings of Supercomputing Symposium},
  pages        = {379--386},
  year         = {1994},
  url          = {{\tt http://www.lam-mpi.org/download/files/lam-papers.tar.gz}}
}


@ARTICLE{flynn72,
author = {Michael J. Flynn},
title ={Some {C}omputer {O}rganizations and {T}heir {E}ffectiveness},
year = {1972},
journal = {IEEE Transactions on Computers},
volume = {c-21},
number = {9},
pages = {948--949}
}

@ARTICLE{intropgas,
author = {Tim Stitt},
title ={An {I}ntroduction to the {P}artitioned {G}lobal {A}ddress {S}pace {P}rogramming {M}odel},
year = {2010},
journal = {CNX.org},
}

@ARTICLE{gpuompss,
author = {Javier Bueno and Judit Planas and Alejandro Duran},
title ={Productive {P}rogramming of {GPU} {C}lusters with {OmpSs}},
year = {2012},
journal = {IEEE 26th International Parallel and Distributed Processing Symposium},
pages = {557--568}
}

@ARTICLE{mapreducesimp,
author = {Jeffrey Dean and Sanjay Ghemawat},
title = {Map{R}educe: {S}implified {D}ata {P}rocessing on {L}arge {C}lusters},
year = {2004},
journal = {Proceedings of the 6th Symposium on Operating System Design and Implementation},
pages = {137--150}
}

@ARTICLE{gatkframework,
author = {Mark A DePristo and Eric Banks and Ryan Poplin and Kiran V Garimella and Jared R Maguire},
title = {A framework for variation discovery and genotyping using next-generation {DNA} sequencing data},
year = {2011},
journal = {Nature genetics},
volume = {43},
number = {5}
}

@ARTICLE{generationsseq,
author = {Pettersson E and Lundeberg J and Ahmadian A},
title = {Generations of sequencing technologies},
year = {2009},
journal = {Genomics},
volume = {93},
pages = {105--111}
}

@ARTICLE{bamsam,
author = {Heng Li and Bob Handsaker and Alec Wysoker and Tim Fennell and Jue Ruan and Nils Homer and Gabor Marth and Goncalo Abecasis and Richar Durbin},
title = {The {S}equence {A}lignment/{M}ap format and {SAM}tools},
year = {2009},
journal = {Bioinformatics},
volume = {25}
}

@ARTICLE{sanger,
author = {Peter J. A. Cock and Christopher J. Fields and Naohisa Goto and Michael L. Heuer and Peter M. Rice},
title = {The {S}anger {FASTQ} file format for sequences with quality scores, and the {S}olexe/{I}llumina {FASTQ} variants},
year = {2010},
journal = {Nucleic Acids Res},
pages = {1767-1771}
}

@MISC{opencb,
author = {Ignacio Medina and Joaquin Tarraga and Francisco Salavert and Cristina Y. Gonzalez},
title = {Open{CB} webpage},
howpublished = {http://www.opencb.org},
note = {Accessed: 2013-05}
}

@book{bioperl,
  title={Mastering Perl for Bioinformatics},
  author={Tisdall, J.},
  isbn={9781449390907},
  url={http://books.google.es/books?id=S4inrd83htwC},
  year={2010},
  publisher={O'Reilly Media}
}

@ARTICLE{bioconductor,
author = {Robert C Gentleman1 and Vincent J Carey2 and Douglas M Bates3 and Ben Bolstad4 and Marcel Dettling5 and Sandrine Dudoit4 and Byron Ellis6 and Laurent Gautier7 and Yongchao Ge8 and Jeff Gentry1 and Kurt Hornik9 and Torsten Hothorn10 and Wolfgang Huber11 and Stefano Iacus12 and Rafael Irizarry13 and Friedrich Leisch9 and Cheng Li1 and Martin Maechler5 and Anthony J Rossini14 and Gunther Sawitzki15 and Colin Smith16 and Gordon Smyth17 and Luke Tierney18 and Jean YH Yang19 and Jianhua Zhang1},
title = {Bioconductor: open software development for computational biology and bioinformatics},
year = {2004},
journal = {Genome Biology},
volume = {5}
}

@BOOK{rproject,
author = {Michael J. Crawsley},
title = {The {R} {B}ook},
publisher = {Wiley},
year = {2012},
isbn = {0470973927}
}

@MISC{gatkweb,
title = {Genome {A}nalysis {T}oolkit webpage},
howpublished = {http://www.broadinstitute.org/gatk/},
note = {Accessed: 2013-05}
}

@ARTICLE{bowtieweb,
author = {Ben Langmead and Cole Trapnell and Mihai Pop and Steven L Salzberg},
title = {Ultrafast and memory-efficient alignment of short {DNA} sequences to the human genome},
year = {2009},
journal = {Genome Biology},
volume = {10}
}

@MISC{ibmbigdata,
title = {{IBM} {B}igdata state of the art webpage},
howpublished = {http://www-01.ibm.com/software/data/bigdata/},
note = {Accessed: 2013-05}
}

@TECHREPORT{s3web,
    author = {Simson L. Garfinkel and Simson L. Garfinkel},
    title = {An Evaluation of Amazon Grid Computing Services: {EC2}, {S3}, and {SQS}},
    institution = {Center for},
    year = {2007}
}

@book{hadoopweb,
  title={Hadoop: The Definitive Guide},
  author={White, T.},
  isbn={9781449311520},
  lccn={2012418418},
  series={Oreilly and Associate Series},
  url={http://books.google.es/books?id=drbI\_aro20oC},
  year={2012},
  publisher={Oreilly \& Associates Incorporated}
}

@book{ns2web,
  title={An Introduction to Network Simulator NS2},
  author={Issariyakul, T. and Hossain, E.},
  isbn={9781461414063},
  series={SpringerLink : B{\"u}cher},
  url={http://books.google.es/books?id=\_VkTzFLnwD4C},
  year={2012},
  publisher={Springer Science+Business Media, LLC}
}

@book{opnetweb,
  title={Unlocking the Power of OPNET Modeler},
  isbn={9781139502054},
  url={http://books.google.es/books?id=JF7695O681oC},
  publisher={Cambridge University Press}
}

@book{uppaalweb,
  title={Formal Methods for the Design of Real-Time Systems: International School on Formal Methods for the Design of Computer, Communication, and Software Systems, SFM-RT 2004. Revised Lectures},
  author={Bernardo, M. and Corradini, F.},
  isbn={9783540230687},
  lccn={04111362},
  series={Lecture Notes in Computer Science},
  url={http://books.google.es/books?id=ZYRUyKqRWXYC},
  year={2004},
  publisher={Springer}
}

@book{openmpiweb,
  title={Open Mpi},
  author={Surhone, L.M. and Tennoe, M.T. and Henssonow, S.F.},
  isbn={9786135281613},
  url={http://books.google.es/books?id=HoUsLgEACAAJ},
  year={2011},
  publisher={Betascript Publishing}
}


@ARTICLE{humangenomeweb,
author = {Mark P. Sawicki and Ghassan Samara and Michael Hurwitz and Edward Passaro Jr.},
title = {Human Genome Project},
year = {2006},
journal = {The {A}merican {J}ournal of {S}urgery},
volume = {165},
pages = {258--264}
}

@book{hiveweb,
  title={Programming Hive},
  author={Capriolo, E. and Wampler, D. and Rutherglen, J.},
  isbn={9781449326975},
  url={http://books.google.es/books?id=n8FffirFaQIC},
  year={2012},
  publisher={O'Reilly Media}
}

@MISC{cascalogweb,
title = {Cascalog {G}it{H}ub site},
howpublished = {https://github.com/nathanmarz/cascalog},
note = {Accessed: 2013-05}
}

@MISC{mrjobweb,
title = {mrjob {G}it{H}ub site},
howpublished = {https://github.com/Yelp/mrjob},
note = {Accessed: 2013-05}
}

@book{javaweb,
  title={Programaci{\'o}n orientada a objetos con Java},
  author={Dur{\'a}n, F. and Guti{\'e}rrez, F. and Pimentel, E.},
  isbn={9788497325721},
  url={http://books.google.es/books?id=3EQdUbkOVGIC},
  year={2007},
  publisher={Ediciones Paraninfo. S.A.}
}

@MISC{geanyweb,
title = {Geani editor website},
howpublished = {http://www.geany.org/},
note = {Accessed: 2013-05}
}

@book{autotoolsweb,
  title={Autotools: {A} {P}ractitioner's {G}uide to {GNU} {A}utoconf, {A}utomake, and {L}ibtool},
  author={Calcote, J.},
  isbn={9781593272067},
  lccn={2009040784},
  series={No Starch Press Series},
  url={http://books.google.es/books?id=HBbKghM2fGYC},
  year={2010},
  publisher={No Starch Press}
}

@ARTICLE{sconsweb,
author = {S. Knight},
title = {Building software with {SC}ons},
year = {2005},
journal = {Computing in Science \& Engineering},
volume = {7},
pages = {79--88}
}

@book{gitweb,
  title={Version Control with Git: Powerful Tools and Techniques for Collaborative Software Development},
  author={Loeliger, J. and McCullough, M.},
  isbn={9781449316389},
  series={Oreilly and Associate Series},
  url={http://books.google.es/books?id=ZkXELyQWf4UC},
  year={2012},
  publisher={O'Reilly Media, Incorporated}
}

@MISC{subversionweb,
title = {Subversion website},
howpublished = {http://subversion.tigris.org/},
note = {Accessed: 2013-05}
}

@book{gdbweb,
  title={The Art of Debugging with GDB, DDD, and Eclipse},
  author={Matloff, N.S. and Salzman, P.J.},
  isbn={9781593270025},
  lccn={2003017566},
  series={No Starch Press Series},
  url={http://books.google.es/books?id=B9Ps3Is3-bgC},
  year={2008},
  publisher={No Starch Press}
}

@article{valgrindweb,
 author = {Nethercote, Nicholas and Seward, Julian},
 title = {Valgrind: a framework for heavyweight dynamic binary instrumentation},
 journal = {SIGPLAN Not.},
 issue_date = {June 2007},
 volume = {42},
 number = {6},
 month = jun,
 year = {2007},
 issn = {0362-1340},
 pages = {89--100},
 numpages = {12},
 url = {http://doi.acm.org/10.1145/1273442.1250746},
 doi = {10.1145/1273442.1250746},
 acmid = {1250746},
 publisher = {ACM},
 address = {New York, NY, USA},
 keywords = {Memcheck, Valgrind,pages = {1767-1771} dynamic binary analysis, dynamic binary instrumentation, shadow values},
} 

@inproceedings{gpgpu,
 author = {Luebke, David and Harris, Mark and Govindaraju, Naga and Lefohn, Aaron and Houston, Mike and Owens, John and Segal, Mark and Papakipos, Matthew and Buck, Ian},
 title = {{GPGPU}: general-purpose computation on graphics hardware},
 booktitle = {Proceedings of the 2006 ACM/IEEE conference on Supercomputing},
 series = {SC '06},
 year = {2006},
 isbn = {0-7695-2700-0},
 location = {Tampa, Florida},
 articleno = {208},
 url = {http://doi.acm.org/10.1145/1188455.1188672},
 doi = {10.1145/1188455.1188672},
 acmid = {1188672},
 publisher = {ACM},
 address = {New York, NY, USA},
} 

@MISC{openmpwiki,
title = {Open{MP} wikipedia},
howpublished = {http://en.wikipedia.org/wiki/OpenMP},
note = {Accessed: 2013-05}
}

@book{pvmweb,
  title={Pvm: Parallel Virtual Machine : A Users' Guide and Tutorial for Networked Parallel Computing},
  author={Geist, A.},
  isbn={9780262571081},
  lccn={94023404},
  series={Scientific and Engineering Computation Series},
  url={http://books.google.es/books?id=afjci8AOy6EC},
  year={1994},
  publisher={Cambridge ; London : The MIT Press}
}

@book{upcweb,
  title={{UPC}: {D}istributed {S}hared {M}emory {P}rogramming},
  author={El-Ghazawi, T. and Carlson, W. and Sterling, T. and Yelick, K.},
  isbn={9780471478379},
  series={Wiley Series on Parallel and Distributed Computing},
  url={http://books.google.es/books?id=n4pknjxmh7EC},
  year={2005},
  publisher={Wiley}
}

@article{cofortranweb,
 author = {Numrich, Robert W. and Reid, John},
 title = {Co-array {F}ortran for parallel programming},
 journal = {SIGPLAN Fortran Forum},
 issue_date = {Aug. 1998},
 volume = {17},
 number = {2},
 month = aug,
 year = {1998},
 issn = {1061-7264},
 pages = {1--31},
 numpages = {31},
 url = {http://doi.acm.org/10.1145/289918.289920},
 doi = {10.1145/289918.289920},
 acmid = {289920},
 publisher = {ACM},
 address = {New York, NY, USA},
} 


@article{titaniumweb,
 author = {Kathy Yelick and Luigi Semenzato and Geoff Pike and Carleton Miyamoto and Ben Liblit and Arvind Krishnamurthy and Paul Hilfinger and Susan Graham and David Gay and Phil Colella and and Alex Aiken},
 title = {Titanium: A High-Performance Java Dialect},
 publisher = {University of California at Berkeley}
} 

@article{x10web,
 author = {Charles, Philippe and Grothoff, Christian and Saraswat, Vijay and Donawa, Christopher and Kielstra, Allan and Ebcioglu, Kemal and von Praun, Christoph and Sarkar, Vivek},
 title = {X10: an object-oriented approach to non-uniform cluster computing},
 journal = {SIGPLAN Not.},
 issue_date = {October 2005},
 volume = {40},
 number = {10},
 month = oct,
 year = {2005},
 issn = {0362-1340},
 pages = {519--538},
 numpages = {20},
 url = {http://doi.acm.org/10.1145/1103845.1094852},
 doi = {10.1145/1103845.1094852},
 acmid = {1094852},
 publisher = {ACM},
 address = {New York, NY, USA}
}

@ARTICLE{chapelweb,
author = {B.L. Chamberlain and D. Callahan and H.P. Zima},
title = {Parallel Programmability and the Chapel Language},
year = {2007},
journal = {International Journal of High Performance Computing Applications},
volume = {21},
pages = {291--312}
}

@book{adnwiki,
  title={ADN},
  author={Krude, T. and Villa, F.B. and Barbero, A.P.},
  isbn={9788446022664},
  series={Akal/ciencia},
  url={http://books.google.es/books?id=xvxsUr07DUYC},
  year={2008},
  publisher={Ediciones Akal}
}